@book{Bro11,
  author    = {{Brownlee}, Jason},
  title     = "{Clever Algorithms: Nature-Inspired Programming Recipes}",
  publisher = {LuLu},
  year      = 2011,
  month     = jan,
  note      = {\url{http://www.cleveralgorithms.com}}
}

@misc{Cro14,
  author    = {{Crosby}, Alfred},
  title     = "{Geckskin - Gecko-Like Adhesives}",
  year      = 2014,
  note      = {University of Massachusetts Amherst, \url{https://geckskin.umass.edu} (Zugriff am 20.04.2019)}
}

@misc{Mal17,
  author    = {{Mallawaarachchi}, Vijini},
  title     = "{Introduction to Genetic Algorithms}",
  year      = 2017,
  month     = jul,
  note      = {\url{https://towardsdatascience.com/introduction-to-genetic-algorithms-e396e98d8bf3} (Zugriff am 04.05.2019)}
}

@misc{Mcc00,
  author    = {{McClean}, Phillip},
  title     = "{Mendel's First Law of Genetics (Law of Segregation)}",
  year      = 2000,
  note      = {\url{https://www.ndsu.edu/pubweb/~mcclean/plsc431/mendel/mendel1.htm} (Zugriff am 16.05.2019)}
}

@misc{Gou19,
  author    = {{Gour}, Rinu},
  title     = "{Python Genetic Algorithms With Artificial Intelligence}",
  year      = 2019,
  month     = mar,
  note      = {\url{https://medium.com/@rinu.gour123/python-genetic-algorithms-with-artificial-intelligence} (Zugriff am 17.05.2019)}
}

@misc{GenGP,
  author    = {{Staats}, Kai},
  title     = "{Generational GP Algorithm}",
  year      = 2019,
  note      = {\url{http://geneticprogramming.com/about-gp/gp-workflow} (Zugriff am 17.05.2019)}
}

@misc{GenTree,
  author    = {{Staats}, Kai},
  title     = "{Tree-based Genetic Programming}",
  year      = 2019,
  note      = {\url{http://geneticprogramming.com/about-gp/tree-based-gp} (Zugriff am 17.05.2019)}
}

Genet Program Evolvable Mach

@book{Koz10,
  author    = {{Koza}, John},
  title     = "{Human-competitive results produced by genetic programming}",
  publisher = {Springer US},
  year      = 2010,
  month     = may,
  note      = {\url{https://doi.org/10.1007%2Fs10710-010-9112-3}}
}
